@BOOK{bosseur2005,
	author = { Bosseur, Jean-Yves },
    title = { Du son au signe },
    subtitle = { histoire de la notation musicale },
    year = { 2005 },
    publisher = { Editions Alternatives }
}

@article{bresson2008,
 	author = {Bresson, Jean and Agon, Carlos},
 	title = {Scores, Programs, and Time Representation: The Sheet Object in Openmusic},
 	journal = {Comput. Music J.},
 	issue_date = {Winter 2008},
 	volume = {32},
 	number = {4},
 	month = dec,
 	year = {2008},
 	issn = {0148-9267},
 	pages = {31--47},
 	numpages = {17},
 	url = {http://dx.doi.org/10.1162/comj.2008.32.4.31},
 	doi = {10.1162/comj.2008.32.4.31},
 	acmid = {1479042},
 	publisher = {MIT Press},
 	address = {Cambridge, MA, USA}
}

@online{gottfried2017,
	author = { Rama Gottfried },
	title = { Symbolic notation for digital performance: new tools for composition, production, and documentation },
	year = { 2017 },
	url = { https://medias.ircam.fr/x670ab0 }
}       

@article{battier2015, 
	title = {Describe, Transcribe, Notate: Prospects and problems facing electroacoustic music}, 
	volume={20}, 
	DOI={10.1017/S1355771814000430}, 
	number={1}, 
	journal={Organised Sound}, 
	publisher={Cambridge University Press}, author={Battier, Marc}, 
	year={2015}, 
	pages={60–67}
}

@online{lilypond2018,
	author = { GNU/Lilypond },
	title = { Lilypond },
	year = { 2018 },
	url = { http://lilypond.org }
}

@inproceedings{hoos1998,
	author = {Holger H. Hoos and Keith A. Hamel and Kai Renz and Jürgen Kilian},
	title = {The GUIDO Music Notation Format},
	subtitle = {A Novel Approach for Adequately Representing Score-level Music},
	booktitle = {Proceedings of ICMC'98},
	publisher = {ICMA},
	pages = {451-454},
	year = {1998}
}

@online{noteAbility2018,
	author = { Keith Hamel },
	title = { NoteAbility Pro - Help Files },
	year = { 2018 },
	url = { http://debussy.music.ubc.ca/Helpfiles/OSX/Help/Default.html }
}
